%%%%%%%%%%%%%%%%%%%%%%%%%%%%%%%%%%%%%%%%%%%%%%%%%%%%%%%%%%%%%%%%%
%                                                               %
%                          TEMPLATES                            %
%                                                               %
%%%%%%%%%%%%%%%%%%%%%%%%%%%%%%%%%%%%%%%%%%%%%%%%%%%%%%%%%%%%%%%%%

@book{corke,
  author         = {Peter Corke},
  editor         = {Bruno Siciliano, Oussama Khatib},
  title          = {Robotic, Vision and Control},
  publisher      = {Springer International},
  year           = {2011},
  edition 		 = {1st}
}

@ARTICLE
{
	,
	AUTHOR		= {},		% necessary
	TITLE		= {{}},		% necessary
	JOURNAL		= {{}},		% necessary
	YEAR		= {{}},		% necessary
	VOLUME		= {{}},
	NUMBER		= {{}},
	PAGES		= {{}},
	MONTH		= {{}},
	NOTE		= {{}},
	KEYWORDS	= {{}},
	URL			= {{}},
	SUMMARY		= {{}}
}


@BOOKLET
{
	,
	AUTHOR		= {},		% necessary
	TITLE		= {{}},
	HOWPUBLISHED= {{}},
	ADDRESS		= {{}},
	YEAR		= {{}},
	MONTH		= {{}},
	NOTE		= {{}},
	KEYWORDS	= {{}},
	URL			= {{}},
	SUMMARY		= {{}}
}

@CONFERENCE
{
	,
	AUTHOR		= {},		% necessary
	TITLE		= {{}},		% necessary
	BOOKTITLE	= {{}},		% necessary
	YEAR		= {{}},		% necessary
	EDITOR		= {{}},
	VOLUME		= {{}},
	SERIES		= {{}},
	PAGES		= {{}},
	ADDRESS		= {{}},
	MONTH		= {{}},
	ORGANIZATION= {{}},
	PUBLISHER	= {{}},
	NOTE		= {{}},
	KEYWORDS	= {{}},
	URL			= {{}},
	SUMMARY		= {{}}
}

@INBOOK
{
	,
	AUTHOR		= {},		% necessary
	TITLE		= {{}},		% necessary
	CHAPTER		= {{}},		% necessary
	PUBLISHER	= {{}},		% necessary
	YEAR		= {{}},		% necessary
	VOLUME		= {{}},
	SERIES		= {{}},
	TYPE		= {{}},
	ADDRESS		= {{}},
	EDITION		= {{}},
	MONTH		= {{}},
	NOTE		= {{}},
	KEYWORDS	= {{}},
	URL			= {{}},
	SUMMARY		= {{}}
} 

@INCOLLECTION
{
	,
	AUTHOR		= {},		% necessary
	TITLE		= {{}},		% necessary
	BOOKTITLE	= {{}},		% necessary
	PUBLISHER	= {{}},		% necessary
	YEAR		= {{}},		% necessary
	EDITION		= {{}},
	VOLUME		= {{}},
	SERIES		= {{}},
	TYPE		= {{}},
	CHAPTER		= {{}},
	PAGES		= {{}},
	ADDRESS		= {{}},
	EDITION		= {{}},
	MONTH		= {{}},
	NOTE		= {{}},
	KEYWORDS	= {{}},
	URL			= {{}},
	SUMMARY		= {{}}
} 

@INPROCEEDINGS
{
	,
	AUTHOR		= {},		% necessary
	TITLE		= {{}},		% necessary
	BOOKTITLE	= {{}},		% necessary
	YEAR		= {{}},		% necessary
	EDITOR		= {{}},
	VOLUME		= {{}},
	SERIES		= {{}},
	PAGES		= {{}},
	ADDRESS		= {{}},
	MONTH		= {{}},
	ORGANIZATION= {{}},
	PUBLISHER	= {{}},
	NOTE		= {{}},
	KEYWORDS	= {{}},
	URL			= {{}},
	SUMMARY		= {{}}
} 

@MANUAL
{
	,
	TITLE		= {},		% necessary
	AUTHOR		= {{}},
	YEAR		= {{}},
	EDITION		= {{}},
	ADDRESS		= {{}},
	MONTH		= {{}},
	ORGANIZATION= {{}},
	NOTE		= {{}},
	KEYWORDS	= {{}},
	URL			= {{}},
	SUMMARY		= {{}}
} 

@MASTERSTHESIS
{
	,
	AUTHOR		= {},		% necessary
	TITLE		= {{}},		% necessary
	SCHOOL		= {{}},		% necessary
	YEAR		= {{}},		% necessary
	TYPE		= {{}},
	ADDRESS		= {{}},
	MONTH		= {{}},
	NOTE		= {{}},
	KEYWORDS	= {{}},
	URL			= {{}},
	SUMMARY		= {{}}
} 

@MISC
{
	,
	AUTHOR		= {},
	TITLE		= {{}},
	HOWPUBLISHED= {{}},
	MONTH		= {{}},
	YEAR		= {{}},
	NOTE		= {{}},
	KEYWORDS	= {{}},
	URL			= {{}},
	SUMMARY		= {{}}
}

@PHDTHESIS
{
	,
	AUTHOR		= {},		% necessary
	TITLE		= {{}},		% necessary
	SCHOOL		= {{}},		% necessary
	YEAR		= {{}},		% necessary
	TYPE		= {{}},
	ADDRESS		= {{}},
	MONTH		= {{}},
	NOTE		= {{}},
	KEYWORDS	= {{}},
	URL			= {{}},
	SUMMARY		= {{}}
} 

@PROCEEDINGS
{
	,
	TITLE		= {{}},		% necessary
	YEAR		= {{}},		% necessary
	EDITOR		= {{}},
	VOLUME		= {{}},
	SERIES		= {{}},
	ADDRESS		= {{}},
	MONTH		= {{}},
	ORGANIZATION= {{}},
	PUBLISHER	= {{}},
	NOTE		= {{}},
	KEYWORDS	= {{}},
	URL			= {{}},
	SUMMARY		= {{}}
} 

@TECHREPORT
{
	,
	AUTHOR		= {},		% necessary
	TITLE		= {{}},		% necessary
	INSTITUTION	= {{}},		% necessary
	YEAR		= {{}},		% necessary
	TYPE		= {{}},
	NUMBER		= {{}},
	ADDRESS		= {{}},
	MONTH		= {{}},
	NOTE		= {{}},
	KEYWORDS	= {{}},
	URL			= {{}},
	SUMMARY		= {{}}
} 

@UNPUBLISHED
{
	,
	AUTHOR		= {},		% necessary
	TITLE		= {{}},		% necessary
	NOTE		= {{}},		% necessary
	MONTH		= {{}},
	NOTE		= {{}},
	KEYWORDS	= {{}},
	URL			= {{}},
	SUMMARY		= {{}}
}

