@book{corke,
  author         = {Peter Corke},
  editor         = {Bruno Siciliano, Oussama Khatib},
  title          = {Robotic, Vision and Control},
  publisher      = {Springer International},
  year           = {2011},
  edition 		   = {1st}
}

@software{ros,
  author = {{Stanford Artificial Intelligence Laboratory et al.}},
  title = {Robotic Operating System},
  url = {https://www.ros.org},
  version = {ROS Melodic Morenia},
  date = {2018-05-23},
}

@misc{repo,
  author = {Students},
  title = {D7039E},
  year = {2020},
  publisher = {GitHub},
  journal = {GitHub repository},
  howpublished = {\url{https://github.com/kottz/D7039E}},
 
}
%  commit = {4f57d6a0e4c030202a07a60bc1bb1ed1544bf679}