@book{corke,
  author         = {Peter Corke},
  editor         = {Bruno Siciliano, Oussama Khatib},
  title          = {Robotic, Vision and Control},
  publisher      = {Springer International},
  year           = {2011},
  edition 		 = {1st}
}