%%%%%%%%%%%%%%%%%%%%%%%%%%%%%%%%%%%%%%%%%%%%%%%%%%%%%%%%%%%%%%%%%
%                                                               %
%                          TEMPLATES                            %
%                                                               %
%%%%%%%%%%%%%%%%%%%%%%%%%%%%%%%%%%%%%%%%%%%%%%%%%%%%%%%%%%%%%%%%%

@inbook{corke,
  author         = {Peter Corke},
  editor         = {Bruno Siciliano, Oussama Khatib},
  title          = {Robotic, Vision and Control},
  publisher      = {Springer International},
  year           = {2011},
  edition 		 = {1st}
}

@inbook{torkel_ljung,
  author         = {Torkel Glad, Lennart Ljung},
  editor         = {},
  title          = {Reglerteori, Flervariabla och olinj√§ra metoder},
  publisher      = {Studentlitteratur},
  year           = {2003},
  edition 		 = {2:9}
}

@software{ros,
  author = {{Stanford Artificial Intelligence Laboratory et al.}},
  title = {Robotic Operating System},
  url = {https://www.ros.org},
  version = {ROS Melodic Morenia},
  date = {2018-05-23},
}

